@preamble{ "\newcommand{\noopsort}[1]{} "
	# "\newcommand{\printfirst}[2]{#1} "
	# "\newcommand{\singleletter}[1]{#1} "
	# "\newcommand{\switchargs}[2]{#2#1} " }

@ONLINE {beauregardbrett2011,
    author = "Beauregard, Brett",
    title  = "Improving the Beginner's PID - Introduction",
    month  = "apr",
    year   = "2011",
    url    = "http://brettbeauregard.com/blog/2011/04/improving-the-beginners-pid-introduction/"
}



@inproceedings{imu_filter_madgwick,
    author = {Madgwick, Sebastian O. H. and Harrison, Andrew J. L. and Vaidyanathan, Ravi},
    booktitle = {Proceedings of the IEEE International Conference on Rehabilitation Robotics (ICORR)},
    citeulike-article-id = {13695889},
    citeulike-linkout-0 = {http://dx.doi.org/10.1109/icorr.2011.5975346},
    citeulike-linkout-1 = {http://ieeexplore.ieee.org/xpls/abs\_all.jsp?arnumber=5975346},
    doi = {10.1109/icorr.2011.5975346},
    institution = {Dept. of Mech. Eng., Univ. of Bristol, Bristol, UK},
    isbn = {978-1-4244-9863-5},
    issn = {1945-7898},
    keywords = {proposal},
    month = jun,
    pages = {1--7},
    posted-at = {2015-08-05 23:40:49},
    priority = {2},
    publisher = {IEEE},
    title = {{Estimation of IMU and MARG orientation using a gradient descent algorithm}},
    url = {http://dx.doi.org/10.1109/icorr.2011.5975346},
    year = {2011}
}


